@book{Dev1,
      author        = "Devaney, Robert L",
      title         = "{A First Course In Chaotic Dynamical Systems: Theory And
                       Experiment}",
      publisher     = "Westview Press",
      address       = "New York",
      series        = "Studies in Nonlinearity",
      year          = "1992",
}

@book{Dev2,
  title="{An introduction to chaotic dynamical systems}",
  author={Devaney, Robert L},
  year={1989},
  publisher={Addison-Wesley, Menlo Park, California},
  address={Redwood City, CA},
  series = "Studies in Nonlinearity",
}

@article{sym,
  title="{Nonholomorphic singular continuation: a case with radial symmetry}",
  author="Brett Bozyck and Bruce Peckham",
  journal="International Journal of Bifurcation and Chaos",
  year="2013",
  volume="23",
  number="11",
}

@book{sim,
  title="{Rabbits, {B}asilicas, and {O}ther {J}ulia {S}ets {W}rapped in {S}ierpinski {C}arpets}",
  booktitle={Complex Dynamics: Families and Friends},
  editor={Schleicher, D.},
  author="Paul Blanchard, Robert L. Devaney, Antonio Garijo, Sebastian M. Marotta, Elizabeth D. Russell",
  series={Ak Peters Series},
  year={2009},
  pages={277-296},
  publisher={Taylor \& Francis}
}